<record><leader>01423cam a2200337 a 4500</leader><controlfield tag="001">1313300</controlfield><controlfield tag="008">900816s1985    gw                0 ger c</controlfield><datafield ind1=" " ind2=" " tag="035"><subfield code="a">ocm13633240</subfield></datafield><datafield ind1=" " ind2=" " tag="040"><subfield code="a">NBiSU</subfield><subfield code="b">eng</subfield><subfield code="c">NBiSU</subfield></datafield><datafield ind1=" " ind2=" " tag="043"><subfield code="a">e-fr---</subfield></datafield><datafield ind1=" " ind2=" " tag="049"><subfield code="a">AEU</subfield><subfield code="b">eng</subfield></datafield><datafield ind1=" " ind2="4" tag="050"><subfield code="a">AS182</subfield><subfield code="b">.S213 Bd.125 Hf.6</subfield></datafield><datafield ind1=" " ind2="3" tag="055"><subfield code="a">P 99</subfield><subfield code="b">R539 1985</subfield></datafield><datafield ind1="0" ind2=" " tag="090"><subfield code="a">P 99 R539 1985</subfield></datafield><datafield ind1="1" ind2=" " tag="100"><subfield code="a">Ricken, Ulrich.</subfield></datafield><datafield ind1="1" ind2="0" tag="245"><subfield code="a">Probleme des Zeichens und der Kommunikation in der Wissenschafts- und Ideologiegeschichte der Aufkl&#228;rung /</subfield><subfield code="c">Ulrich Ricken.</subfield></datafield><datafield ind1=" " ind2=" " tag="260"><subfield code="a">Berlin :</subfield><subfield code="b">Akademie-Verlag,</subfield><subfield code="c">1985.</subfield></datafield><datafield ind1=" " ind2=" " tag="300"><subfield code="a">63 p. ;</subfield><subfield code="c">22 cm.</subfield></datafield><datafield ind1=" " ind2=" " tag="336"><subfield code="a">text</subfield><subfield code="b">txt</subfield><subfield code="2">rdacontent</subfield></datafield><datafield ind1=" " ind2=" " tag="337"><subfield code="a">unmediated</subfield><subfield code="b">n</subfield><subfield code="2">rdamedia</subfield></datafield><datafield ind1=" " ind2=" " tag="338"><subfield code="a">volume</subfield><subfield code="b">nc</subfield><subfield code="2">rdacarrier</subfield></datafield><datafield ind1="1" ind2=" " tag="490"><subfield code="a">Sitzungsberichte der S&#228;chsischen Akademie der Wissenschaften zu Leipzig, Philologisch-Historische Klasse.</subfield><subfield code="v">Bd. 125, Heft 6</subfield><subfield code="x">0138-3957 ;</subfield></datafield><datafield ind1=" " ind2=" " tag="504"><subfield code="a">Bibliography: p. [52]-63.</subfield></datafield><datafield ind1=" " ind2=" " tag="596"><subfield code="a">43</subfield></datafield><datafield ind1=" " ind2="0" tag="650"><subfield code="a">Enlightenment.</subfield></datafield><datafield ind1=" " ind2="0" tag="650"><subfield code="a">Semantics (Philosophy)</subfield><subfield code="x">History</subfield><subfield code="y">18th century.</subfield></datafield><datafield ind1=" " ind2="0" tag="650"><subfield code="a">Language and languages</subfield><subfield code="x">Philosophy</subfield><subfield code="x">History</subfield><subfield code="y">18th century.</subfield></datafield><datafield ind1=" " ind2="0" tag="650"><subfield code="a">Philosophy, French</subfield><subfield code="y">18th century.</subfield></datafield><datafield ind1=" " ind2="0" tag="650"><subfield code="a">Semiotics</subfield><subfield code="x">History</subfield><subfield code="y">18th century.</subfield></datafield><datafield ind1=" " ind2="0" tag="830"><subfield code="a">Sitzungsberichte der S&#228;chsischen Akademie der Wissenschaften zu Leipzig, Philologisch-Historische Klasse.</subfield><subfield code="x">0138-3957 ;</subfield><subfield code="v">Bd. 125, Heft 6.</subfield></datafield><datafield ind1=" " ind2=" " tag="926"><subfield code="a">P 99 R539 1985</subfield><subfield code="w">LC</subfield><subfield code="c">1</subfield><subfield code="i">000033675141</subfield><subfield code="l">ON_SHELF</subfield><subfield code="m">UAHSS</subfield><subfield code="p">$150.00</subfield><subfield code="r">Y</subfield><subfield code="s">Y</subfield><subfield code="t">BOOK</subfield><subfield code="u">8/24/1990</subfield></datafield></record>